<record xmlns="http://www.loc.gov/MARC21/slim" xmlns:xsi="http://www.w3.org/2001/XMLSchema-instance" xsi:schemaLocation="http://www.loc.gov/MARC21/slim http://www.loc.gov/standards/marcxml/schema/MARC21slim.xsd"><leader>     nam a22        4500</leader><controlfield tag="001">3076952</controlfield><controlfield tag="003">NNC</controlfield><controlfield tag="006">m        d        </controlfield><controlfield tag="007">cr cn |||m|||a</controlfield><controlfield tag="008">150316s1954    xx      o     000 0 ara d</controlfield><datafield ind1=" " ind2=" " tag="040"><subfield code="a">NNU</subfield><subfield code="b">eng</subfield><subfield code="e">rda</subfield><subfield code="c">NNU</subfield></datafield><datafield ind1=" " ind2="4" tag="050"><subfield code="a">DS37.3</subfield><subfield code="b">.A16 H13</subfield></datafield><datafield ind1="1" ind2=" " tag="100"><subfield code="6">880-01</subfield><subfield code="a">Abu&#772; H&#803;adi&#772;d, Muh&#803;ammad Fari&#772;d,</subfield><subfield code="e">editor.</subfield></datafield><datafield ind1="1" ind2="0" tag="245"><subfield code="6">880-02</subfield><subfield code="a">&#699;Is&#803;a&#772;miyu&#772;n &#699;uz&#803;ama&#772;&#700;.</subfield></datafield><datafield ind1=" " ind2=" " tag="260"><subfield code="c">1954.</subfield></datafield><datafield ind1=" " ind2=" " tag="300"><subfield code="a">online resource (258 pages)</subfield></datafield><datafield ind1=" " ind2=" " tag="336"><subfield code="a">text</subfield><subfield code="2">rdacontent</subfield></datafield><datafield ind1=" " ind2=" " tag="337"><subfield code="a">computer</subfield><subfield code="2">rdamedia</subfield></datafield><datafield ind1=" " ind2=" " tag="338"><subfield code="a">online resource</subfield><subfield code="2">rdacarrier</subfield></datafield><datafield ind1=" " ind2=" " tag="500"><subfield code="a">Lives of poor boys # who became famous by # E. Bolton, 1947.</subfield></datafield><datafield ind1=" " ind2=" " tag="500"><subfield code="a">Part of the Arabic Collections Online (ACO) project, contributed by Columbia University Libraries.</subfield></datafield><datafield ind1=" " ind2=" " tag="533"><subfield code="a">Electronic reproduction.</subfield><subfield code="b">New York, N.Y. :</subfield><subfield code="c">New York University,</subfield><subfield code="d">2015.</subfield><subfield code="5">NNU</subfield></datafield><datafield ind1="2" ind2=" " tag="710"><subfield code="a">Columbia University.</subfield><subfield code="b">Libraries.</subfield></datafield><datafield ind1="0" ind2=" " tag="730"><subfield code="a">Arabic Collections Online.</subfield></datafield><datafield ind1="0" ind2="8" tag="776"><subfield code="i">Print version:</subfield><subfield code="a">Abu&#772; H&#803;adi&#772;d, Muh&#803;ammad Fari&#772;d, editor.</subfield><subfield code="t">&#699;Is&#803;a&#772;miyu&#772;n &#699;uz&#803;ama&#772;&#700;</subfield><subfield code="w">(NNC)3076952</subfield><subfield code="w">(OCoLC)23510773</subfield></datafield><datafield ind1="4" ind2="0" tag="856"><subfield code="u">http://hdl.handle.net/2333.1/dfn2z5d9</subfield></datafield><datafield ind1="1" ind2=" " tag="880"><subfield code="6">100-01/r</subfield><subfield code="a">&#1575;&#1576;&#1608; &#1581;&#1583;&#1610;&#1583;&#1548; &#1605;&#1581;&#1605;&#1583; &#1601;&#1585;&#1610;&#1583;&#1548; </subfield><subfield code="e">editor.</subfield></datafield><datafield ind1="1" ind2="0" tag="880"><subfield code="6">245-02/r</subfield><subfield code="a">&#1593;&#1589;&#1575;&#1605;&#1610;&#1608;&#1606; &#1593;&#1592;&#1605;&#1575;&#1569;.</subfield></datafield><datafield ind1=" " ind2=" " tag="959"><subfield code="a">NNU</subfield><subfield code="b">WEB</subfield><subfield code="c">GENI</subfield><subfield code="t">0</subfield><subfield code="m">Electronic access</subfield><subfield code="s">01</subfield></datafield><datafield ind1=" " ind2=" " tag="999"><subfield code="i">NNC_3076952</subfield><subfield code="o">(OCoLC)ocm23510773</subfield><subfield code="e">(ERROR-880)</subfield><subfield code="s">columbia_aco000268</subfield></datafield></record>